

@misc{Reddit,
    title = {Reddit Learn Programming Subreddit	},
    author = {{1loveee}},
    howpublished = {[Online]. Available: \url{https://www.reddit.com/r/learnprogramming/comments/6o11lz/feeling_like_im_not_smart_enough/}},
    note = {[Accessed: 09-May-2018]}
}

@misc{Isla,
    title = {GDC 2005 Proceeding: Handling Complexity in the Halo 2 AI},
    author = {{Damian Isla}},
    howpublished = {[Online]. Available: \url{http://www.gamasutra.com/view/feature/130663/gdc}},
    note = {[Accessed: 31-Mar-2017]}
}


